
<marc:record><marc:leader>02004nmm a2200385Ia 4500</marc:leader>
<marc:controlfield tag="001">000357901</marc:controlfield>
<marc:controlfield tag="005">20240319175839.0</marc:controlfield><marc:controlfield tag="008">911007s1991    dcun    q  a f      eng d</marc:controlfield><marc:datafield tag="035" ind1=" " ind2=" "><marc:subfield code="a">(OCoLC)24508819</marc:subfield></marc:datafield><marc:datafield tag="035" ind1="9" ind2=" "><marc:subfield code="a">ocm24508819</marc:subfield></marc:datafield><marc:datafield tag="040" ind1=" " ind2=" "><marc:subfield code="b">eng</marc:subfield><marc:subfield code="d">GPO</marc:subfield></marc:datafield><marc:datafield tag="043" ind1=" " ind2=" "><marc:subfield code="a">n-us-wi</marc:subfield></marc:datafield><marc:datafield tag="074" ind1=" " ind2=" "><marc:subfield code="a">0154-E</marc:subfield></marc:datafield><marc:datafield tag="086" ind1="0" ind2=" "><marc:subfield code="a">C 3.279:W 75/990/CD</marc:subfield></marc:datafield><marc:datafield tag="245" ind1="0" ind2="0"><marc:subfield code="a">TIGER/line census files, 1990.</marc:subfield><marc:subfield code="p">Wisconsin</marc:subfield><marc:subfield code="h">[electronic resource]</marc:subfield></marc:datafield><marc:datafield tag="264" ind1=" " ind2="1"><marc:subfield code="a">Washington, DC :</marc:subfield><marc:subfield code="b">U.S. Dept. of Commerce, Bureau of the Census, Data User Services Division,</marc:subfield><marc:subfield code="c">[1991]</marc:subfield></marc:datafield><marc:datafield tag="300" ind1=" " ind2=" "><marc:subfield code="a">1 computer laser optical disk ;</marc:subfield><marc:subfield code="c">4 3/4 in.</marc:subfield></marc:datafield><marc:datafield tag="336" ind1=" " ind2=" "><marc:subfield code="a">text</marc:subfield><marc:subfield code="b">txt</marc:subfield><marc:subfield code="2">rdacontent</marc:subfield></marc:datafield><marc:datafield tag="337" ind1=" " ind2=" "><marc:subfield code="a">computer</marc:subfield><marc:subfield code="b">c</marc:subfield><marc:subfield code="2">rdamedia</marc:subfield></marc:datafield><marc:datafield tag="338" ind1=" " ind2=" "><marc:subfield code="a">computer disc</marc:subfield><marc:subfield code="b">cd</marc:subfield><marc:subfield code="2">rdacarrier</marc:subfield></marc:datafield><marc:datafield tag="500" ind1=" " ind2=" "><marc:subfield code="a">&quot;Issued July 1991.&quot;</marc:subfield></marc:datafield><marc:datafield tag="500" ind1=" " ind2=" "><marc:subfield code="a">Shipping list no.: 91-0046-E.</marc:subfield></marc:datafield><marc:datafield tag="500" ind1=" " ind2=" "><marc:subfield code="a">Title from disk label.</marc:subfield></marc:datafield><marc:datafield tag="520" ind1=" " ind2=" "><marc:subfield code="a">Includes decennial census-relevant geographic information; data for all 1990 census map features and boundaries, the associated 1990 census final tabulation geographic area codes, and the codes for the Jan. 1, 1990 legal and statistical areas on both sides of each line segment of every mapped feature; final voting district codes and the 1990 census designated place codes; technical documentation.</marc:subfield></marc:datafield><marc:datafield tag="522" ind1=" " ind2=" "><marc:subfield code="a">Wisconsin.</marc:subfield></marc:datafield><marc:datafield tag="538" ind1=" " ind2=" "><marc:subfield code="a">Disk characteristics: CD-ROM.</marc:subfield></marc:datafield><marc:datafield tag="538" ind1=" " ind2=" "><marc:subfield code="a">System requirements: Computer system capable of using CD-ROM drive; 640K; application software, if IBM compatible personal computer, requires also CD-ROM software, such as Microsoft CD-ROM Extensions (version 2.0 or higher); CD-ROM drive.</marc:subfield></marc:datafield><marc:datafield tag="538" ind1=" " ind2=" "><marc:subfield code="a">Written in ISO 9660 format.</marc:subfield></marc:datafield><marc:datafield tag="650" ind1=" " ind2="0"><marc:subfield code="a">Digital mapping</marc:subfield><marc:subfield code="v">Databases.</marc:subfield></marc:datafield><marc:datafield tag="651" ind1=" " ind2="0"><marc:subfield code="a">Wisconsin</marc:subfield><marc:subfield code="v">Maps</marc:subfield><marc:subfield code="v">Databases.</marc:subfield></marc:datafield><marc:datafield tag="655" ind1=" " ind2="7"><marc:subfield code="a">Maps.</marc:subfield><marc:subfield code="2">lcgft</marc:subfield><marc:subfield code="0">https://id.loc.gov/authorities/genreForms/gf2011026387</marc:subfield></marc:datafield><marc:datafield tag="710" ind1="1" ind2=" "><marc:subfield code="a">United States.</marc:subfield><marc:subfield code="b">Bureau of the Census.</marc:subfield><marc:subfield code="b">Data User Services Division.</marc:subfield><marc:subfield code="0">https://id.loc.gov/authorities/names/n77007672</marc:subfield></marc:datafield><marc:datafield tag="049" ind1=" " ind2=" "><marc:subfield code="a">GPOO</marc:subfield></marc:datafield><marc:datafield tag="955" ind1=" " ind2=" "><marc:subfield code="a">Historic Shelflist Drawer 112; ZAI56 ; 20220204</marc:subfield></marc:datafield><marc:datafield tag="990" ind1=" " ind2=" "><marc:subfield code="a">GPO92066561</marc:subfield></marc:datafield></marc:record>