
<marc:record><marc:leader>03076nmm a2200481Ia 4500</marc:leader>
<marc:controlfield tag="001">000360258</marc:controlfield>
<marc:controlfield tag="005">20240327141657.0</marc:controlfield><marc:controlfield tag="008">911120s1991    vaun    q  m f      eng d</marc:controlfield><marc:datafield tag="010" ind1=" " ind2=" "><marc:subfield code="a">91014838</marc:subfield></marc:datafield><marc:datafield tag="035" ind1=" " ind2=" "><marc:subfield code="a">(OCoLC)24818690</marc:subfield></marc:datafield><marc:datafield tag="035" ind1="9" ind2=" "><marc:subfield code="a">ocm24818690</marc:subfield></marc:datafield><marc:datafield tag="040" ind1=" " ind2=" "><marc:subfield code="b">eng</marc:subfield><marc:subfield code="d">GPO</marc:subfield></marc:datafield><marc:datafield tag="050" ind1="0" ind2="0"><marc:subfield code="a">TN490.U7</marc:subfield></marc:datafield><marc:datafield tag="052" ind1=" " ind2=" "><marc:subfield code="a">4051</marc:subfield></marc:datafield><marc:datafield tag="074" ind1=" " ind2=" "><marc:subfield code="a">621-K</marc:subfield></marc:datafield><marc:datafield tag="086" ind1="0" ind2=" "><marc:subfield code="a">I 19.121:1</marc:subfield></marc:datafield><marc:datafield tag="090" ind1=" " ind2=" "><marc:subfield code="a">QE390.2.U7</marc:subfield><marc:subfield code="b">H63 1991</marc:subfield></marc:datafield><marc:datafield tag="110" ind1="2" ind2=" "><marc:subfield code="a">Geological Survey (U.S.)</marc:subfield><marc:subfield code="0">https://id.loc.gov/authorities/names/n80092173</marc:subfield></marc:datafield><marc:datafield tag="245" ind1="1" ind2="0"><marc:subfield code="a">National geochemical data base</marc:subfield><marc:subfield code="h">[electronic resource] :</marc:subfield><marc:subfield code="b">National Uranium Resource Evaluation data for the conterminous Western United States /</marc:subfield><marc:subfield code="c">U.S. Department of the Interior, U.S. Geological Survey ; by J.D. Hoffman, Gregory B. Gunnells, James M. McNeal.</marc:subfield></marc:datafield><marc:datafield tag="246" ind1="3" ind2=" "><marc:subfield code="a">NURE data, Western United States</marc:subfield></marc:datafield><marc:datafield tag="246" ind1="3" ind2=" "><marc:subfield code="a">National Uranium Resource Evaluation data for the conterminous Western United States</marc:subfield></marc:datafield><marc:datafield tag="264" ind1=" " ind2="1"><marc:subfield code="a">Reston, VA :</marc:subfield><marc:subfield code="b">The Survey ;</marc:subfield><marc:subfield code="a">[Denver, CO] :</marc:subfield><marc:subfield code="b">[For sale by the Books and Open-File Reports Section],</marc:subfield><marc:subfield code="c">1991.</marc:subfield></marc:datafield><marc:datafield tag="300" ind1=" " ind2=" "><marc:subfield code="a">1 computer laser optical disk :</marc:subfield><marc:subfield code="b">color ;</marc:subfield><marc:subfield code="c">4 3/4 in.</marc:subfield></marc:datafield><marc:datafield tag="336" ind1=" " ind2=" "><marc:subfield code="a">text</marc:subfield><marc:subfield code="b">txt</marc:subfield><marc:subfield code="2">rdacontent</marc:subfield></marc:datafield><marc:datafield tag="337" ind1=" " ind2=" "><marc:subfield code="a">computer</marc:subfield><marc:subfield code="b">c</marc:subfield><marc:subfield code="2">rdamedia</marc:subfield></marc:datafield><marc:datafield tag="338" ind1=" " ind2=" "><marc:subfield code="a">computer dataset</marc:subfield><marc:subfield code="b">cod</marc:subfield><marc:subfield code="2">rdacarrier</marc:subfield></marc:datafield><marc:datafield tag="490" ind1="1" ind2=" "><marc:subfield code="a">U.S. Geological Survey digital data series ;</marc:subfield><marc:subfield code="v">DDS-1</marc:subfield></marc:datafield><marc:datafield tag="500" ind1=" " ind2=" "><marc:subfield code="a">Data collected during the Hydrogeochemical and Stream Sediment Reconnaissance (HSSR) survey of the National Uranium Resource Evaluation program.</marc:subfield></marc:datafield><marc:datafield tag="500" ind1=" " ind2=" "><marc:subfield code="a">Not copy-protected.</marc:subfield></marc:datafield><marc:datafield tag="500" ind1=" " ind2=" "><marc:subfield code="a">Samples from 153 quadrangles (1 by 2) collected in 1976-80; 4 main sample types represented: stream sediments, soils, surface water, and ground water, with each sample analysed for unranium and as many as 58 other elements.</marc:subfield></marc:datafield><marc:datafield tag="500" ind1=" " ind2=" "><marc:subfield code="a">Shipping list no.: 91-0060-E.</marc:subfield></marc:datafield><marc:datafield tag="500" ind1=" " ind2=" "><marc:subfield code="a">Title from disk label.</marc:subfield></marc:datafield><marc:datafield tag="500" ind1=" " ind2=" "><marc:subfield code="a">Title on edge of container: NURE data, Western United States.</marc:subfield></marc:datafield><marc:datafield tag="520" ind1=" " ind2=" "><marc:subfield code="a">Provides access to geochemical data for the conterminous western United States. Using the GSSearch access software contained on the CD-ROM disk, users can retrieve the data by specifying sample type, state, quadrangle, latitude and longitude, element concentration range, or combinations of these and other criteria. Data may be output to the user's system in several different formats for data analysis.</marc:subfield></marc:datafield><marc:datafield tag="538" ind1=" " ind2=" "><marc:subfield code="a">System requirements: IBM or compatible PC; 640Kb RAM; MS- or PC-DOS version 3.1 or later; hard disk drive; monochrome or color monitor; CD-ROM drive with ISO 9660 software driver and Microsoft MSCDEX 2.1 or later; printer optional.</marc:subfield></marc:datafield><marc:datafield tag="650" ind1=" " ind2="0"><marc:subfield code="a">Geochemistry</marc:subfield><marc:subfield code="z">West (U.S.)</marc:subfield><marc:subfield code="v">Databases.</marc:subfield></marc:datafield><marc:datafield tag="650" ind1=" " ind2="0"><marc:subfield code="a">Uranium ores</marc:subfield><marc:subfield code="z">West (U.S.)</marc:subfield><marc:subfield code="v">Databases.</marc:subfield></marc:datafield><marc:datafield tag="700" ind1="1" ind2=" "><marc:subfield code="a">Gunnells, Gregory B.</marc:subfield><marc:subfield code="0">https://id.loc.gov/authorities/names/no91000898</marc:subfield></marc:datafield><marc:datafield tag="700" ind1="1" ind2=" "><marc:subfield code="a">Hoffman, J. D.</marc:subfield><marc:subfield code="q">(James D.)</marc:subfield><marc:subfield code="0">https://id.loc.gov/authorities/names/n79050682</marc:subfield></marc:datafield><marc:datafield tag="700" ind1="1" ind2=" "><marc:subfield code="a">McNeal, James M.</marc:subfield><marc:subfield code="0">https://id.loc.gov/authorities/names/n86107540</marc:subfield></marc:datafield><marc:datafield tag="830" ind1=" " ind2="0"><marc:subfield code="a">U.S. Geological Survey digital data series ;</marc:subfield><marc:subfield code="0">https://id.loc.gov/authorities/names/n91078023</marc:subfield><marc:subfield code="v">DDS-1.</marc:subfield></marc:datafield><marc:datafield tag="049" ind1=" " ind2=" "><marc:subfield code="a">GPOO</marc:subfield></marc:datafield><marc:datafield tag="990" ind1=" " ind2=" "><marc:subfield code="a">GPO92074584</marc:subfield></marc:datafield></marc:record>