
<marc:record><marc:leader>02793nmm a2200493Ia 4500</marc:leader>
<marc:controlfield tag="001">000360261</marc:controlfield>
<marc:controlfield tag="003">OCoLC</marc:controlfield><marc:controlfield tag="005">20240327142605.0</marc:controlfield><marc:controlfield tag="008">911120m19919999vaun    q  m f      eng d</marc:controlfield><marc:datafield tag="035" ind1=" " ind2=" "><marc:subfield code="a">(OCoLC)24819108</marc:subfield></marc:datafield><marc:datafield tag="035" ind1="9" ind2=" "><marc:subfield code="a">ocm24819108</marc:subfield></marc:datafield><marc:datafield tag="040" ind1=" " ind2=" "><marc:subfield code="b">eng</marc:subfield><marc:subfield code="d">GPO</marc:subfield></marc:datafield><marc:datafield tag="052" ind1=" " ind2=" "><marc:subfield code="a">3701</marc:subfield></marc:datafield><marc:datafield tag="074" ind1=" " ind2=" "><marc:subfield code="a">0621-J</marc:subfield></marc:datafield><marc:datafield tag="086" ind1="0" ind2=" "><marc:subfield code="a">I 19.120:D 56/AREA (NOS.)</marc:subfield></marc:datafield><marc:datafield tag="090" ind1=" " ind2=" "><marc:subfield code="a">VK597.U5</marc:subfield><marc:subfield code="b">O5 1991</marc:subfield></marc:datafield><marc:datafield tag="110" ind1="2" ind2=" "><marc:subfield code="a">Geological Survey (U.S.)</marc:subfield><marc:subfield code="0">https://id.loc.gov/authorities/names/n80092173</marc:subfield></marc:datafield><marc:datafield tag="245" ind1="1" ind2="0"><marc:subfield code="a">1:100,000-scale DLG data, hydrography/transportation</marc:subfield><marc:subfield code="h">[electronic resource] :</marc:subfield><marc:subfield code="b">standard format.</marc:subfield></marc:datafield><marc:datafield tag="246" ind1="3" ind2=" "><marc:subfield code="a">Digital line graph (DLG) data, hydrography and transportation</marc:subfield></marc:datafield><marc:datafield tag="246" ind1="3" ind2=" "><marc:subfield code="a">One to one hundred thousand-scale digital line graph (DLG) data, hydrography and transportation</marc:subfield></marc:datafield><marc:datafield tag="260" ind1=" " ind2=" "><marc:subfield code="a">Reston, VA :</marc:subfield><marc:subfield code="b">U.S. Dept. of the Interior, U.S. Geological Survey ;</marc:subfield><marc:subfield code="a">[Denver, Colo.] :</marc:subfield><marc:subfield code="b">[Branch of Distribution],</marc:subfield><marc:subfield code="c">1991-</marc:subfield></marc:datafield><marc:datafield tag="300" ind1=" " ind2=" "><marc:subfield code="a">computer laser optical disks :</marc:subfield><marc:subfield code="b">color ;</marc:subfield><marc:subfield code="c">4 3/4 in.</marc:subfield></marc:datafield><marc:datafield tag="336" ind1=" " ind2=" "><marc:subfield code="a">cartographic image</marc:subfield><marc:subfield code="b">cri</marc:subfield><marc:subfield code="2">rdacontent</marc:subfield></marc:datafield><marc:datafield tag="337" ind1=" " ind2=" "><marc:subfield code="a">computer</marc:subfield><marc:subfield code="b">c</marc:subfield><marc:subfield code="2">rdamedia</marc:subfield></marc:datafield><marc:datafield tag="338" ind1=" " ind2=" "><marc:subfield code="a">computer disc</marc:subfield><marc:subfield code="b">cd</marc:subfield><marc:subfield code="2">rdacarrier</marc:subfield></marc:datafield><marc:datafield tag="500" ind1=" " ind2=" "><marc:subfield code="a">&quot;March 1991&quot;--Area 4 disk label; &quot;January 1993&quot;--Area 3 disk label; &quot;February 1993&quot;--Area 13 disk label; &quot;March 1993&quot;--Area 2 disk label; &quot;April 1993&quot;--Area 14 disk label.</marc:subfield></marc:datafield><marc:datafield tag="500" ind1=" " ind2=" "><marc:subfield code="a">&quot;National Mapping Division&quot; on disks prepared from April 1993 forward.</marc:subfield></marc:datafield><marc:datafield tag="500" ind1=" " ind2=" "><marc:subfield code="a">&quot;US GeoData&quot;--Disk label.</marc:subfield></marc:datafield><marc:datafield tag="500" ind1=" " ind2=" "><marc:subfield code="a">Cartographic information complete on 14 computer disks.</marc:subfield></marc:datafield><marc:datafield tag="500" ind1=" " ind2=" "><marc:subfield code="a">Disk characteristics: CD ROM.</marc:subfield></marc:datafield><marc:datafield tag="500" ind1=" " ind2=" "><marc:subfield code="a">Disks for areas prepared prior to April 1993 issued by Earth Science Information Office.</marc:subfield></marc:datafield><marc:datafield tag="500" ind1=" " ind2=" "><marc:subfield code="a">ISO 9660 format.</marc:subfield></marc:datafield><marc:datafield tag="500" ind1=" " ind2=" "><marc:subfield code="a">Shipping list no.: 91-0060-E (area 4); 93-0018-E (area 2,14); 93-0030-E (areas 3,13).</marc:subfield></marc:datafield><marc:datafield tag="500" ind1=" " ind2=" "><marc:subfield code="a">Title from disk label.</marc:subfield></marc:datafield><marc:datafield tag="500" ind1=" " ind2=" "><marc:subfield code="a">Title on container and with text: 1:100,000-scale digital line graph (DLG) data, hydrography and transportation.</marc:subfield></marc:datafield><marc:datafield tag="505" ind1="0" ind2=" "><marc:subfield code="a">area 2. Middle Atlantic states -- area 3. Southeastern states --area 4. Florida -- area 13. Northwestern states -- area 14. Hawaiian Islands.</marc:subfield></marc:datafield><marc:datafield tag="520" ind1=" " ind2=" "><marc:subfield code="a">Contains digital line graph hydrography and transportation data in color for the conterminous United States and Hawaii.</marc:subfield></marc:datafield><marc:datafield tag="538" ind1=" " ind2=" "><marc:subfield code="a">System requirements: IBM PC/XT or other compatible computer; 640KB RAM; MS-DOS version 3.1 or later; Microsoft MSCDEX version 2.0 or later; EGA display card; CD-ROM drive.</marc:subfield></marc:datafield><marc:datafield tag="650" ind1=" " ind2="0"><marc:subfield code="a">Hydrography</marc:subfield><marc:subfield code="z">United States</marc:subfield><marc:subfield code="v">Databases.</marc:subfield></marc:datafield><marc:datafield tag="650" ind1=" " ind2="0"><marc:subfield code="a">Transportation</marc:subfield><marc:subfield code="z">United States</marc:subfield><marc:subfield code="v">Databases.</marc:subfield></marc:datafield><marc:datafield tag="710" ind1="2" ind2=" "><marc:subfield code="a">Earth Science Information Center (U.S.)</marc:subfield><marc:subfield code="0">https://id.loc.gov/authorities/names/no89012688</marc:subfield></marc:datafield><marc:datafield tag="710" ind1="2" ind2=" "><marc:subfield code="a">Geological Survey (U.S.).</marc:subfield><marc:subfield code="b">National Mapping Division.</marc:subfield><marc:subfield code="0">https://id.loc.gov/authorities/names/n82082051</marc:subfield></marc:datafield><marc:datafield tag="049" ind1=" " ind2=" "><marc:subfield code="a">GPOO</marc:subfield></marc:datafield><marc:datafield tag="990" ind1=" " ind2=" "><marc:subfield code="a">GPO94066256</marc:subfield></marc:datafield></marc:record>