
<marc:record><marc:leader>02694nmm a2200445Ia 4500</marc:leader>
<marc:controlfield tag="001">000362724</marc:controlfield>
<marc:controlfield tag="005">20240327152532.0</marc:controlfield><marc:controlfield tag="008">920114s1991    vaun    q  m f      eng d</marc:controlfield><marc:datafield tag="010" ind1=" " ind2=" "><marc:subfield code="a">91014839</marc:subfield></marc:datafield><marc:datafield tag="035" ind1=" " ind2=" "><marc:subfield code="a">(OCoLC)25104512</marc:subfield></marc:datafield><marc:datafield tag="035" ind1="9" ind2=" "><marc:subfield code="a">ocm25104512</marc:subfield></marc:datafield><marc:datafield tag="040" ind1=" " ind2=" "><marc:subfield code="b">eng</marc:subfield><marc:subfield code="d">GPO</marc:subfield></marc:datafield><marc:datafield tag="050" ind1="0" ind2="0"><marc:subfield code="a">G4351.C5 1991</marc:subfield><marc:subfield code="b">.T8</marc:subfield></marc:datafield><marc:datafield tag="052" ind1=" " ind2=" "><marc:subfield code="a">4351</marc:subfield></marc:datafield><marc:datafield tag="074" ind1=" " ind2=" "><marc:subfield code="a">621-K</marc:subfield></marc:datafield><marc:datafield tag="086" ind1="0" ind2=" "><marc:subfield code="a">I 19.121:2</marc:subfield></marc:datafield><marc:datafield tag="110" ind1="2" ind2=" "><marc:subfield code="a">Geological Survey (U.S.)</marc:subfield><marc:subfield code="0">https://id.loc.gov/authorities/names/n80092173</marc:subfield></marc:datafield><marc:datafield tag="245" ind1="1" ind2="0"><marc:subfield code="a">Geology of Nevada</marc:subfield><marc:subfield code="h">[electronic resource] :</marc:subfield><marc:subfield code="b">a digital representation of the 1978 geologic map of Nevada /</marc:subfield><marc:subfield code="c">U.S. Department of the Interior, U.S. Geological Survey ; by Robert M. Turner and Walter J. Bawiec ; display software by Russell A. Ambroziak.</marc:subfield></marc:datafield><marc:datafield tag="246" ind1="3" ind2=" "><marc:subfield code="a">Geological map of Nevada</marc:subfield></marc:datafield><marc:datafield tag="264" ind1=" " ind2="1"><marc:subfield code="a">[Reston, Va.] :</marc:subfield><marc:subfield code="b">The Survey ;</marc:subfield><marc:subfield code="a">[Denver, CO] :</marc:subfield><marc:subfield code="b">[For sale by the Books and Open-File Reports Section],</marc:subfield><marc:subfield code="c">1991.</marc:subfield></marc:datafield><marc:datafield tag="300" ind1=" " ind2=" "><marc:subfield code="a">1 computer laser optical disk ;</marc:subfield><marc:subfield code="c">4 3/4 in.</marc:subfield></marc:datafield><marc:datafield tag="336" ind1=" " ind2=" "><marc:subfield code="a">cartographic image</marc:subfield><marc:subfield code="b">cri</marc:subfield><marc:subfield code="2">rdacontent</marc:subfield></marc:datafield><marc:datafield tag="337" ind1=" " ind2=" "><marc:subfield code="a">computer</marc:subfield><marc:subfield code="b">c</marc:subfield><marc:subfield code="2">rdamedia</marc:subfield></marc:datafield><marc:datafield tag="338" ind1=" " ind2=" "><marc:subfield code="a">computer disc</marc:subfield><marc:subfield code="b">cd</marc:subfield><marc:subfield code="2">rdacarrier</marc:subfield></marc:datafield><marc:datafield tag="490" ind1="1" ind2=" "><marc:subfield code="a">U.S. Geological Survey digital data series ;</marc:subfield><marc:subfield code="v">DDS-2</marc:subfield></marc:datafield><marc:datafield tag="500" ind1=" " ind2=" "><marc:subfield code="a">Data sets are in 3 formats: ASCII (nearly 10 megabytes), USGS Digital Line Graph-3 (DLG) Optional (25 megabytes), and Environmental Systems Research Institute's ARC/INFO version 5.0.1 EXPORT (37 megabytes).</marc:subfield></marc:datafield><marc:datafield tag="500" ind1=" " ind2=" "><marc:subfield code="a">Not copy-protected.</marc:subfield></marc:datafield><marc:datafield tag="500" ind1=" " ind2=" "><marc:subfield code="a">Original map: Geologic map of Nevada / compiled by John H. Stewart and John P. Carlson, 1978. Published at a scale of 1:500,000 and split at latitude 39N. into 2 sheets.</marc:subfield></marc:datafield><marc:datafield tag="500" ind1=" " ind2=" "><marc:subfield code="a">Shipping list no.: 91-0062-E.</marc:subfield></marc:datafield><marc:datafield tag="500" ind1=" " ind2=" "><marc:subfield code="a">Title from disk label.</marc:subfield></marc:datafield><marc:datafield tag="520" ind1=" " ind2=" "><marc:subfield code="a">A digital represention of the 1978 Geologic map of Nevada. Using a menu program and the Mapper display program contained on the CD-ROM disk, users can access and retrieve the desired geographic information.</marc:subfield></marc:datafield><marc:datafield tag="538" ind1=" " ind2=" "><marc:subfield code="a">System requirements: IBM or compatible personal computer; 380kb RAM; MS- or PC-DOS version 3.1 or later; hard disk drive; EGA/VGA graphics system; CD-ROM drive with ISO 9660 software driver and Microsoft MSCDEX 2.1 or later; printer (optional).</marc:subfield></marc:datafield><marc:datafield tag="650" ind1=" " ind2="0"><marc:subfield code="a">Geology</marc:subfield><marc:subfield code="z">Nevada</marc:subfield><marc:subfield code="v">Databases.</marc:subfield></marc:datafield><marc:datafield tag="700" ind1="1" ind2=" "><marc:subfield code="a">Ambroziak, Russell A.</marc:subfield><marc:subfield code="0">https://id.loc.gov/authorities/names/n91078221</marc:subfield></marc:datafield><marc:datafield tag="700" ind1="1" ind2=" "><marc:subfield code="a">Bawiec, W. J.</marc:subfield><marc:subfield code="0">https://id.loc.gov/authorities/names/n81064212</marc:subfield></marc:datafield><marc:datafield tag="700" ind1="1" ind2=" "><marc:subfield code="a">Stewart, J. H.,</marc:subfield><marc:subfield code="d">1928-2013.</marc:subfield><marc:subfield code="0">https://id.loc.gov/authorities/names/n50023967</marc:subfield></marc:datafield><marc:datafield tag="700" ind1="1" ind2=" "><marc:subfield code="a">Turner, Robert M.</marc:subfield><marc:subfield code="0">https://id.loc.gov/authorities/names/n82226561</marc:subfield></marc:datafield><marc:datafield tag="830" ind1=" " ind2="0"><marc:subfield code="a">U.S. Geological Survey digital data series ;</marc:subfield><marc:subfield code="0">https://id.loc.gov/authorities/names/n91078023</marc:subfield><marc:subfield code="v">DDS-2.</marc:subfield></marc:datafield><marc:datafield tag="049" ind1=" " ind2=" "><marc:subfield code="a">GPOO</marc:subfield></marc:datafield><marc:datafield tag="990" ind1=" " ind2=" "><marc:subfield code="a">GPO92064075</marc:subfield></marc:datafield></marc:record>