
<marc:record><marc:leader>03395nmm a2200469Ia 4500</marc:leader>
<marc:controlfield tag="001">000367013</marc:controlfield>
<marc:controlfield tag="003">OCoLC</marc:controlfield><marc:controlfield tag="005">20240328080740.0</marc:controlfield><marc:controlfield tag="008">920327m19911993vaun    q  m f      eng d</marc:controlfield><marc:datafield tag="035" ind1=" " ind2=" "><marc:subfield code="a">(OCoLC)25541363</marc:subfield></marc:datafield><marc:datafield tag="035" ind1="9" ind2=" "><marc:subfield code="a">ocm25541363</marc:subfield></marc:datafield><marc:datafield tag="052" ind1=" " ind2=" "><marc:subfield code="a">3701</marc:subfield></marc:datafield><marc:datafield tag="074" ind1=" " ind2=" "><marc:subfield code="a">0621-J</marc:subfield></marc:datafield><marc:datafield tag="086" ind1="0" ind2=" "><marc:subfield code="a">I 19.120:D 56/AREA 1-14/OPTION.</marc:subfield></marc:datafield><marc:datafield tag="110" ind1="2" ind2=" "><marc:subfield code="a">Geological Survey (U.S.)</marc:subfield><marc:subfield code="0">https://id.loc.gov/authorities/names/n80092173</marc:subfield></marc:datafield><marc:datafield tag="245" ind1="1" ind2="0"><marc:subfield code="a">1:100,000-scale DLG data, hydrography/transportation</marc:subfield><marc:subfield code="h">[electronic resource] :</marc:subfield><marc:subfield code="b">optional format.</marc:subfield></marc:datafield><marc:datafield tag="246" ind1="3" ind2=" "><marc:subfield code="a">1:100,000-scale digital line graph (DLG) data, hydrography and transportation</marc:subfield></marc:datafield><marc:datafield tag="246" ind1="3" ind2=" "><marc:subfield code="a">Digital line graph (DLG) data, hydrography and transportation</marc:subfield></marc:datafield><marc:datafield tag="246" ind1="3" ind2=" "><marc:subfield code="a">One to one hundred thousand-scale digital line graph (DLG) data, hydrography and transportation</marc:subfield></marc:datafield><marc:datafield tag="260" ind1=" " ind2=" "><marc:subfield code="a">Reston, VA :</marc:subfield><marc:subfield code="b">U.S. Dept. of the Interior, U.S. Geological Survey ;</marc:subfield><marc:subfield code="a">[Denver, Colo.] :</marc:subfield><marc:subfield code="b">[Branch of Distribution],</marc:subfield><marc:subfield code="c">1991-1993.</marc:subfield></marc:datafield><marc:datafield tag="300" ind1=" " ind2=" "><marc:subfield code="a">14 computer laser optical disks :</marc:subfield><marc:subfield code="b">color ;</marc:subfield><marc:subfield code="c">4 3/4 in.</marc:subfield></marc:datafield><marc:datafield tag="336" ind1=" " ind2=" "><marc:subfield code="a">cartographic image</marc:subfield><marc:subfield code="b">cri</marc:subfield><marc:subfield code="2">rdacontent</marc:subfield></marc:datafield><marc:datafield tag="337" ind1=" " ind2=" "><marc:subfield code="a">computer</marc:subfield><marc:subfield code="b">c</marc:subfield><marc:subfield code="2">rdamedia</marc:subfield></marc:datafield><marc:datafield tag="338" ind1=" " ind2=" "><marc:subfield code="a">computer disc</marc:subfield><marc:subfield code="b">cd</marc:subfield><marc:subfield code="2">rdacarrier</marc:subfield></marc:datafield><marc:datafield tag="500" ind1=" " ind2=" "><marc:subfield code="a">&quot;March 1991&quot;--Area 4 disk label; &quot;January 1993&quot;--Area 3 disk label; &quot;February 1993&quot;--Area 13 disk label; &quot;March 1993&quot;--Area 2 disk label; &quot;April 1993&quot;--Areas 11, 14 disk labels; &quot;May 1993&quot;--Area 12 disk label; &quot;June 1993&quot;--Areas 1, 7 disk labels; &quot;July 1993&quot;--Area 6 disk label; &quot;August 1993&quot;--Area 5, 8-9 disk labels.&quot;</marc:subfield></marc:datafield><marc:datafield tag="500" ind1=" " ind2=" "><marc:subfield code="a">&quot;National Mapping Division&quot; on disks prepared from April 1993 forward.</marc:subfield></marc:datafield><marc:datafield tag="500" ind1=" " ind2=" "><marc:subfield code="a">&quot;US GeoData&quot;--Disk label.</marc:subfield></marc:datafield><marc:datafield tag="500" ind1=" " ind2=" "><marc:subfield code="a">Disk characteristics: CD ROM.</marc:subfield></marc:datafield><marc:datafield tag="500" ind1=" " ind2=" "><marc:subfield code="a">Disks for areas prepared prior to April 1993 issued by Earth Science Information Office.</marc:subfield></marc:datafield><marc:datafield tag="500" ind1=" " ind2=" "><marc:subfield code="a">ISO 9660 format.</marc:subfield></marc:datafield><marc:datafield tag="500" ind1=" " ind2=" "><marc:subfield code="a">Shipping list no.: 91-0060-E (area 4); 93-0018-E (areas 11,14); 93-0019-E (area 2); 93-0022-E (area 1); 93-0024-E (areas 6,7); 93-0030-E (areas 3,10,12,13); 93-0034-E (area 5); 94-0002-E (area 8); 94-0004-E (area 9).</marc:subfield></marc:datafield><marc:datafield tag="500" ind1=" " ind2=" "><marc:subfield code="a">Title from disk label.</marc:subfield></marc:datafield><marc:datafield tag="500" ind1=" " ind2=" "><marc:subfield code="a">Title on container and with text: 1:100,000-scale digital line graph (DLG) data, hydrography and transportation.</marc:subfield></marc:datafield><marc:datafield tag="505" ind1="0" ind2=" "><marc:subfield code="a">area 1. Northeastern states -- area 2. Middle Atlantic states -- area 3. Southeastern states -- area 4. Florida -- area 5. Southern Mississippi Valley states -- area 6. Central Mississippi Valley states -- area 7. Northern Great Lakes states -- area 8. Texas and Oklahoma -- area 9. Central Plains states -- area 10. Northern Plains states -- area 11. Arizona and New Mexico -- area 12. Central Pacific states -- area 13. Northwestern states -- area 14. Hawaiian Islands.</marc:subfield></marc:datafield><marc:datafield tag="520" ind1=" " ind2=" "><marc:subfield code="a">Contains 1:100,000-scale digital line graph hydrography and transportation data in color for the conterminous United States and Hawaii.</marc:subfield></marc:datafield><marc:datafield tag="538" ind1=" " ind2=" "><marc:subfield code="a">System requirements: IBM PC/XT or other compatible computer; 640KB RAM; MS-DOS version 3.1 or later; Microsoft MSCDEX version 2.0 or later; EGA display card; CD-ROM drive.</marc:subfield></marc:datafield><marc:datafield tag="650" ind1=" " ind2="0"><marc:subfield code="a">Hydrography</marc:subfield><marc:subfield code="z">United States</marc:subfield><marc:subfield code="v">Databases.</marc:subfield></marc:datafield><marc:datafield tag="650" ind1=" " ind2="0"><marc:subfield code="a">Transportation</marc:subfield><marc:subfield code="z">United States</marc:subfield><marc:subfield code="v">Databases.</marc:subfield></marc:datafield><marc:datafield tag="710" ind1="2" ind2=" "><marc:subfield code="a">Earth Science Information Center (U.S.)</marc:subfield><marc:subfield code="0">https://id.loc.gov/authorities/names/no89012688</marc:subfield></marc:datafield><marc:datafield tag="710" ind1="2" ind2=" "><marc:subfield code="a">Geological Survey (U.S.).</marc:subfield><marc:subfield code="b">National Mapping Division.</marc:subfield><marc:subfield code="0">https://id.loc.gov/authorities/names/n82082051</marc:subfield></marc:datafield><marc:datafield tag="049" ind1=" " ind2=" "><marc:subfield code="a">GPOO</marc:subfield></marc:datafield><marc:datafield tag="990" ind1=" " ind2=" "><marc:subfield code="a">GPO94085025</marc:subfield></marc:datafield></marc:record>