
<marc:record><marc:leader>02403nmm a2200433Ia 4500</marc:leader>
<marc:controlfield tag="001">000370956</marc:controlfield>
<marc:controlfield tag="005">20240328085834.0</marc:controlfield><marc:controlfield tag="008">920605s1992    dcun    q  m f      eng d</marc:controlfield><marc:datafield tag="035" ind1=" " ind2=" "><marc:subfield code="a">(OCoLC)25961984</marc:subfield></marc:datafield><marc:datafield tag="035" ind1="9" ind2=" "><marc:subfield code="a">ocm25961984</marc:subfield></marc:datafield><marc:datafield tag="040" ind1=" " ind2=" "><marc:subfield code="b">eng</marc:subfield><marc:subfield code="d">GPO</marc:subfield></marc:datafield><marc:datafield tag="043" ind1=" " ind2=" "><marc:subfield code="a">n-us---</marc:subfield></marc:datafield><marc:datafield tag="074" ind1=" " ind2=" "><marc:subfield code="a">0154-F</marc:subfield></marc:datafield><marc:datafield tag="086" ind1="0" ind2=" "><marc:subfield code="a">C 3.282:990-1 C</marc:subfield></marc:datafield><marc:datafield tag="130" ind1="0" ind2=" "><marc:subfield code="a">Census of population and housing (1990).</marc:subfield><marc:subfield code="p">Summary tape file.</marc:subfield><marc:subfield code="n">1C.</marc:subfield></marc:datafield><marc:datafield tag="245" ind1="1" ind2="0"><marc:subfield code="a">1990 census of population and housing.</marc:subfield><marc:subfield code="p">Summary tape file 1C</marc:subfield><marc:subfield code="h">[electronic resource] :</marc:subfield><marc:subfield code="b">United States summary.</marc:subfield></marc:datafield><marc:datafield tag="264" ind1=" " ind2="1"><marc:subfield code="a">Washington, DC :</marc:subfield><marc:subfield code="b">U.S. Dept. of Commerce, Bureau of the Census, Data User Services Division,</marc:subfield><marc:subfield code="c">[1992]</marc:subfield></marc:datafield><marc:datafield tag="300" ind1=" " ind2=" "><marc:subfield code="a">1 computer laser optical disk ;</marc:subfield><marc:subfield code="c">4 3/4 in.</marc:subfield></marc:datafield><marc:datafield tag="336" ind1=" " ind2=" "><marc:subfield code="a">text</marc:subfield><marc:subfield code="b">txt</marc:subfield><marc:subfield code="2">rdacontent</marc:subfield></marc:datafield><marc:datafield tag="337" ind1=" " ind2=" "><marc:subfield code="a">computer</marc:subfield><marc:subfield code="b">c</marc:subfield><marc:subfield code="2">rdamedia</marc:subfield></marc:datafield><marc:datafield tag="338" ind1=" " ind2=" "><marc:subfield code="a">computer disc</marc:subfield><marc:subfield code="b">cd</marc:subfield><marc:subfield code="2">rdacarrier</marc:subfield></marc:datafield><marc:datafield tag="500" ind1=" " ind2=" "><marc:subfield code="a">&quot;CD90-1C.&quot;</marc:subfield></marc:datafield><marc:datafield tag="500" ind1=" " ind2=" "><marc:subfield code="a">&quot;Issued February 1992.&quot;</marc:subfield></marc:datafield><marc:datafield tag="500" ind1=" " ind2=" "><marc:subfield code="a">Hierarchical file structure.</marc:subfield></marc:datafield><marc:datafield tag="500" ind1=" " ind2=" "><marc:subfield code="a">ISO 9660 format.</marc:subfield></marc:datafield><marc:datafield tag="500" ind1=" " ind2=" "><marc:subfield code="a">Issued also on computer tapes.</marc:subfield></marc:datafield><marc:datafield tag="500" ind1=" " ind2=" "><marc:subfield code="a">Shipping list no: 92-0009-E.</marc:subfield></marc:datafield><marc:datafield tag="500" ind1=" " ind2=" "><marc:subfield code="a">Title from disk label.</marc:subfield></marc:datafield><marc:datafield tag="520" ind1=" " ind2=" "><marc:subfield code="a">Provides summary census data for the U.S., regions, divisions, states (including summaries such as urban and rural), counties, places of 10,000 or more inhabitants, county subdivisions of 10,000 or more inhabitants in selected states, metropolitan areas (MA's), urbanized areas (UA's), American Indian and Alaska Native areas.</marc:subfield></marc:datafield><marc:datafield tag="538" ind1=" " ind2=" "><marc:subfield code="a">Disk characteristics: CD-ROM.</marc:subfield></marc:datafield><marc:datafield tag="538" ind1=" " ind2=" "><marc:subfield code="a">System requirements: Computer system capable of using a CD-ROM drive; if IBM PC or compatible, requires MS-DOS 3.1 or higher, DOS file manager software (e.g., Microsoft CD-ROM Extensions 2.0 or higher); if system other than IBM PC or compatible (such as Apple Macintosh), requires appropriate retrieval software for ISO 9660 CD-ROMs (software included on the disk will run only on an MS-DOS PC); 640K RAM; CD-ROM drive.</marc:subfield></marc:datafield><marc:datafield tag="538" ind1=" " ind2=" "><marc:subfield code="a">Written in dBase III format.</marc:subfield></marc:datafield><marc:datafield tag="650" ind1=" " ind2="0"><marc:subfield code="a">Housing</marc:subfield><marc:subfield code="z">United States</marc:subfield><marc:subfield code="v">Statistics</marc:subfield><marc:subfield code="v">Databases.</marc:subfield></marc:datafield><marc:datafield tag="651" ind1=" " ind2="0"><marc:subfield code="a">United States</marc:subfield><marc:subfield code="x">Census, 1990</marc:subfield><marc:subfield code="v">Databases.</marc:subfield></marc:datafield><marc:datafield tag="651" ind1=" " ind2="0"><marc:subfield code="a">United States</marc:subfield><marc:subfield code="x">Population</marc:subfield><marc:subfield code="v">Statistics</marc:subfield><marc:subfield code="v">Databases.</marc:subfield></marc:datafield><marc:datafield tag="655" ind1=" " ind2="7"><marc:subfield code="a">Statistics.</marc:subfield><marc:subfield code="2">lcgft</marc:subfield><marc:subfield code="0">https://id.loc.gov/authorities/genreForms/gf2014026181</marc:subfield></marc:datafield><marc:datafield tag="710" ind1="1" ind2=" "><marc:subfield code="a">United States.</marc:subfield><marc:subfield code="b">Bureau of the Census.</marc:subfield><marc:subfield code="b">Data User Services Division.</marc:subfield><marc:subfield code="0">https://id.loc.gov/authorities/names/n77007672</marc:subfield></marc:datafield><marc:datafield tag="049" ind1=" " ind2=" "><marc:subfield code="a">GPOO</marc:subfield></marc:datafield><marc:datafield tag="990" ind1=" " ind2=" "><marc:subfield code="a">GPO92077767</marc:subfield></marc:datafield></marc:record>