
<marc:record><marc:leader>01447nam a2200289K  4500</marc:leader>
<marc:controlfield tag="001">000976322</marc:controlfield>
<marc:controlfield tag="005">20240319162344.0</marc:controlfield><marc:controlfield tag="008">160329s1939    dcu          f000 0 eng d</marc:controlfield><marc:datafield tag="040" ind1=" " ind2=" "><marc:subfield code="a">GPO</marc:subfield><marc:subfield code="b">eng</marc:subfield><marc:subfield code="c">GPO</marc:subfield></marc:datafield><marc:datafield tag="086" ind1="0" ind2=" "><marc:subfield code="a">P 1.27:R 67</marc:subfield></marc:datafield><marc:datafield tag="245" ind1="0" ind2="0"><marc:subfield code="a">Addresses of Franklin D. Roosevelt, President of United States, and James A. Farley, Postmaster General, at 39th Annual Convention of National Association of Postmasters, Washington, D.C., Oct. 1939.</marc:subfield></marc:datafield><marc:datafield tag="264" ind1=" " ind2="1"><marc:subfield code="a">[Washington, D.C.],</marc:subfield><marc:subfield code="b">[publisher not identified],</marc:subfield><marc:subfield code="c">1939.</marc:subfield></marc:datafield><marc:datafield tag="300" ind1=" " ind2=" "><marc:subfield code="a">14 pages</marc:subfield></marc:datafield><marc:datafield tag="336" ind1=" " ind2=" "><marc:subfield code="a">text</marc:subfield><marc:subfield code="b">txt</marc:subfield><marc:subfield code="2">rdacontent</marc:subfield></marc:datafield><marc:datafield tag="337" ind1=" " ind2=" "><marc:subfield code="a">unmediated</marc:subfield><marc:subfield code="b">n</marc:subfield><marc:subfield code="2">rdamedia</marc:subfield></marc:datafield><marc:datafield tag="338" ind1=" " ind2=" "><marc:subfield code="a">volume</marc:subfield><marc:subfield code="b">nc</marc:subfield><marc:subfield code="2">rdacarrier</marc:subfield></marc:datafield><marc:datafield tag="500" ind1=" " ind2=" "><marc:subfield code="a">Distribution made by issuing office.</marc:subfield></marc:datafield><marc:datafield tag="500" ind1=" " ind2=" "><marc:subfield code="a">Narrow 8vo.</marc:subfield></marc:datafield><marc:datafield tag="590" ind1=" " ind2=" "><marc:subfield code="a">Provisional subject heading on verso.</marc:subfield></marc:datafield><marc:datafield tag="650" ind1=" " ind2="0"><marc:subfield code="a">Postal service</marc:subfield><marc:subfield code="z">United States.</marc:subfield></marc:datafield><marc:datafield tag="600" ind1="1" ind2="0"><marc:subfield code="a">Roosevelt, Franklin D.</marc:subfield><marc:subfield code="q">(Franklin Delano),</marc:subfield><marc:subfield code="d">1882-1945.</marc:subfield><marc:subfield code="0">https://id.loc.gov/authorities/names/n79022932</marc:subfield></marc:datafield><marc:datafield tag="600" ind1="1" ind2="0"><marc:subfield code="a">Farley, James A.</marc:subfield><marc:subfield code="q">(James Aloysius),</marc:subfield><marc:subfield code="d">1888-1976.</marc:subfield><marc:subfield code="0">https://id.loc.gov/authorities/names/n79135041</marc:subfield></marc:datafield><marc:datafield tag="610" ind1="2" ind2="0"><marc:subfield code="a">National Association of Postmasters of the United States.</marc:subfield><marc:subfield code="0">https://id.loc.gov/authorities/names/n91010550</marc:subfield></marc:datafield><marc:datafield tag="710" ind1="1" ind2=" "><marc:subfield code="a">United States.</marc:subfield><marc:subfield code="b">Post Office Department.</marc:subfield><marc:subfield code="0">https://id.loc.gov/authorities/names/n80013583</marc:subfield></marc:datafield><marc:datafield tag="710" ind1="2" ind2=" "><marc:subfield code="a">United States Postal Service.</marc:subfield><marc:subfield code="0">https://id.loc.gov/authorities/names/n80013137</marc:subfield></marc:datafield><marc:datafield tag="922" ind1=" " ind2=" "><marc:subfield code="a">STAFFPICK202403</marc:subfield></marc:datafield><marc:datafield tag="955" ind1=" " ind2=" "><marc:subfield code="a">Historic Shelflist; Drawer 641; ZAI53</marc:subfield><marc:subfield code="c">20160329</marc:subfield></marc:datafield></marc:record>