
<marc:record><marc:leader>04247nam a2200481 i 4500</marc:leader>
<marc:controlfield tag="001">001257207</marc:controlfield>
<marc:controlfield tag="005">20240322154712.0</marc:controlfield><marc:controlfield tag="006">m     o  d f      </marc:controlfield><marc:controlfield tag="007">cr |||||||||||</marc:controlfield><marc:controlfield tag="008">240322s2024    dcu     ob   f000 0 eng c</marc:controlfield><marc:datafield tag="035" ind1=" " ind2=" "><marc:subfield code="a">(OCoLC)1427604885</marc:subfield></marc:datafield><marc:datafield tag="040" ind1=" " ind2=" "><marc:subfield code="a">GPO</marc:subfield><marc:subfield code="b">eng</marc:subfield><marc:subfield code="e">rda</marc:subfield><marc:subfield code="e">pn</marc:subfield><marc:subfield code="c">GPO</marc:subfield></marc:datafield><marc:datafield tag="042" ind1=" " ind2=" "><marc:subfield code="a">pcc</marc:subfield></marc:datafield><marc:datafield tag="043" ind1=" " ind2=" "><marc:subfield code="a">n-us---</marc:subfield></marc:datafield><marc:datafield tag="074" ind1=" " ind2=" "><marc:subfield code="a">1008-I (online)</marc:subfield></marc:datafield><marc:datafield tag="086" ind1="0" ind2=" "><marc:subfield code="a">Y 1.1/8:118-428</marc:subfield></marc:datafield><marc:datafield tag="110" ind1="1" ind2=" "><marc:subfield code="a">United States.</marc:subfield><marc:subfield code="b">Congress.</marc:subfield><marc:subfield code="b">House.</marc:subfield><marc:subfield code="b">Committee on Rules,</marc:subfield><marc:subfield code="e">author.</marc:subfield></marc:datafield><marc:datafield tag="245" ind1="1" ind2="0"><marc:subfield code="a">Providing for consideration of the bill (H.R. 1023) to repeal section 134 of the Clean Air Act, relating to the greenhouse gas reduction fund; providing for consideration of the bill (H.R. 1121) to prohibit a moratorium on the use of hydraulic fracturing; providing for consideration of the bill (H.R. 6009) to require the Director of the Bureau of Land Management to withdraw the proposed rule relating to fluid mineral leases and leasing process, and for other purposes; providing for consideration of the concurrent resolution (H. Con. Res. 86) expressing the sense of Congress that a carbon tax would be detrimental to the United States economy; providing for consideration of the resolution (H. Res. 987) denouncing the harmful, anti-American energy policies of the Biden administration, and for other purposes; and providing for consideration of the bill (H.R 7023) to amend section 404 of the Federal Water Pollution Control Act to codify certain regulatory provisions relating to nationwide permits for dredged or fill material, and for other purposes :</marc:subfield><marc:subfield code="b">report (to accompany H. Res. 1085).</marc:subfield></marc:datafield><marc:datafield tag="264" ind1=" " ind2="1"><marc:subfield code="a">[Washington, D.C.] :</marc:subfield><marc:subfield code="b">[U.S. Government Publishing Office],</marc:subfield><marc:subfield code="c">[2024]</marc:subfield></marc:datafield><marc:datafield tag="300" ind1=" " ind2=" "><marc:subfield code="a">1 online resource (9 pages).</marc:subfield></marc:datafield><marc:datafield tag="336" ind1=" " ind2=" "><marc:subfield code="a">text</marc:subfield><marc:subfield code="b">txt</marc:subfield><marc:subfield code="2">rdacontent</marc:subfield></marc:datafield><marc:datafield tag="337" ind1=" " ind2=" "><marc:subfield code="a">computer</marc:subfield><marc:subfield code="b">c</marc:subfield><marc:subfield code="2">rdamedia</marc:subfield></marc:datafield><marc:datafield tag="338" ind1=" " ind2=" "><marc:subfield code="a">online resource</marc:subfield><marc:subfield code="b">cr</marc:subfield><marc:subfield code="2">rdacarrier</marc:subfield></marc:datafield><marc:datafield tag="490" ind1="1" ind2=" "><marc:subfield code="a">Report / 118th Congress, 2d session, House of Representatives ;</marc:subfield><marc:subfield code="v">118-428</marc:subfield></marc:datafield><marc:datafield tag="500" ind1=" " ind2=" "><marc:subfield code="a">In scope of the U.S. Government Publishing Office Cataloging and Indexing Program (C&amp;I) and Federal Depository Library Program (FDLP).</marc:subfield></marc:datafield><marc:datafield tag="500" ind1=" " ind2=" "><marc:subfield code="a">&quot;March 19, 2024.&quot;</marc:subfield></marc:datafield><marc:datafield tag="500" ind1=" " ind2=" "><marc:subfield code="a">Referred bill: H. Res. 1085.</marc:subfield></marc:datafield><marc:datafield tag="504" ind1=" " ind2=" "><marc:subfield code="a">Includes bibliographical references.</marc:subfield></marc:datafield><marc:datafield tag="588" ind1=" " ind2=" "><marc:subfield code="a">Description based on online resource; title from PDF caption (GovInfo, viewed March 22, 2024).</marc:subfield></marc:datafield><marc:datafield tag="610" ind1="1" ind2="0"><marc:subfield code="a">United States.</marc:subfield><marc:subfield code="b">Congress.</marc:subfield><marc:subfield code="b">House</marc:subfield><marc:subfield code="x">Rules and practice.</marc:subfield></marc:datafield><marc:datafield tag="650" ind1=" " ind2="7"><marc:subfield code="a">Congress.</marc:subfield><marc:subfield code="2">cgpa</marc:subfield></marc:datafield><marc:datafield tag="655" ind1=" " ind2="7"><marc:subfield code="a">Legislative materials.</marc:subfield><marc:subfield code="2">lcgft</marc:subfield></marc:datafield><marc:datafield tag="776" ind1="0" ind2="8"><marc:subfield code="i">Print version:</marc:subfield><marc:subfield code="a">United States. Congress. House. Committee on Rules.</marc:subfield><marc:subfield code="t">Providing for consideration of the bill (H.R. 1023) to repeal section 134 of the Clean Air Act, relating to the greenhouse gas reduction fund; providing for consideration of the bill (H.R. 1121) to prohibit a moratorium on the use of hydraulic fracturing; providing for consideration of the bill (H.R. 6009) to require the Director of the Bureau of Land Management to withdraw the proposed rule relating to fluid mineral leases and leasing process, and for other purposes; providing for consideration of the concurrent resolution (H. Con. Res. 86) expressing the sense of Congress that a carbon tax would be detrimental to the United States economy; providing for consideration of the resolution (H. Res. 987) denouncing the harmful, anti-American energy policies of the Biden administration, and for other purposes; and providing for consideration of the bill (H.R 7023) to amend section 404 of the Federal Water Pollution Control Act to codify certain regulatory provisions relating to nationwide permits for dredged or fill material, and for other purposes</marc:subfield><marc:subfield code="w">(OCoLC)1427597051</marc:subfield></marc:datafield><marc:datafield tag="810" ind1="1" ind2=" "><marc:subfield code="a">United States.</marc:subfield><marc:subfield code="b">Congress.</marc:subfield><marc:subfield code="b">House.</marc:subfield><marc:subfield code="t">Report ;</marc:subfield><marc:subfield code="v">118-428.</marc:subfield></marc:datafield><marc:datafield tag="856" ind1="4" ind2="0"><marc:subfield code="3">PDF version</marc:subfield><marc:subfield code="u">https://purl.fdlp.gov/GPO/gpo223544</marc:subfield><marc:subfield code="7">0</marc:subfield></marc:datafield><marc:datafield tag="856" ind1="4" ind2="0"><marc:subfield code="3">Text version</marc:subfield><marc:subfield code="u">https://purl.fdlp.gov/GPO/gpo223545</marc:subfield><marc:subfield code="7">0</marc:subfield></marc:datafield><marc:datafield tag="856" ind1="4" ind2=" "><marc:subfield code="z">Address at time of PURL creation</marc:subfield><marc:subfield code="3">PDF version</marc:subfield><marc:subfield code="u">https://www.govinfo.gov/content/pkg/CRPT-118hrpt428/pdf/CRPT-118hrpt428.pdf</marc:subfield></marc:datafield><marc:datafield tag="856" ind1="4" ind2=" "><marc:subfield code="z">Address at time of PURL creation</marc:subfield><marc:subfield code="3">Text version</marc:subfield><marc:subfield code="u">https://www.govinfo.gov/content/pkg/CRPT-118hrpt428/html/CRPT-118hrpt428.htm</marc:subfield></marc:datafield><marc:datafield tag="994" ind1=" " ind2=" "><marc:subfield code="a">C0</marc:subfield><marc:subfield code="b">GPO</marc:subfield></marc:datafield><marc:datafield tag="049" ind1=" " ind2=" "><marc:subfield code="a">XZL4</marc:subfield></marc:datafield><marc:datafield tag="955" ind1=" " ind2=" "><marc:subfield code="a">bca29 20240322</marc:subfield><marc:subfield code="b">20240322</marc:subfield></marc:datafield><marc:datafield tag="922" ind1=" " ind2=" "><marc:subfield code="a">BIBCONEW</marc:subfield><marc:subfield code="b">20240322</marc:subfield></marc:datafield><marc:datafield tag="922" ind1=" " ind2=" "><marc:subfield code="a">PUBPOLTERMS</marc:subfield></marc:datafield></marc:record>